@article{Kravchenko2022,
  doi       = {10.21661/r-556565},
  url       = {https://doi.org/10.21661/r-556565},
  year      = {2022},
  month     = apr,
  publisher = {{TSNS} Interaktiv Plus,  {LLC}},
  number    = {4 (69)},
  author    = {Daniil Andreevich Kravchenko},
  title     = {Mikroservisnaia arkhitektura},
  journal   = {Interactive science}
}

@article{Ais2020,
  issn      = {1999-7493},
  year      = {2020},
  number    = {3},
  author    = {ГОРЯЧКИН Б.С. and МЫШЕНКОВ К.С. and ХАРЛАШКИН А.И.},
  title     = {{Анализ методов концептуального проектирования автоматизированных информационных систем}},
  titlelang = {russian},
  origtitle = {Title in English},
  publisher = {Издательство},
  journal   = {ДИНАМИКА СЛОЖНЫХ СИСТЕМ - XXI ВЕК}
}